<?xml version="1.0" encoding="UTF-8"?>
<record>
  <leader>01055nas a2200301   4500</leader>
  <controlfield tag="001">99370690532406441</controlfield>
  <controlfield tag="005">20230207214152.0</controlfield>
  <controlfield tag="006">m     o  d        </controlfield>
  <controlfield tag="007">cr |||||||||||</controlfield>
  <controlfield tag="008">230207c20229999gw au   o    u0    0ger d</controlfield>
  <datafield tag="022" ind1=" " ind2=" ">
    <subfield code="a">2196-8292</subfield>
  </datafield>
  <datafield tag="035" ind1=" " ind2=" ">
    <subfield code="a">(CKB)1000000000276098</subfield>
  </datafield>
  <datafield tag="035" ind1=" " ind2=" ">
    <subfield code="a">(NjHacI)991000000000276098</subfield>
  </datafield>
  <datafield tag="035" ind1=" " ind2=" ">
    <subfield code="a">(EXLCZ)991000000000276098</subfield>
  </datafield>
  <datafield tag="040" ind1=" " ind2=" ">
    <subfield code="a">NjHacI</subfield>
    <subfield code="b">eng</subfield>
    <subfield code="e">rda</subfield>
    <subfield code="c">NjHacl</subfield>
  </datafield>
  <datafield tag="050" ind1=" " ind2="4">
    <subfield code="a">LB1025.3</subfield>
    <subfield code="b">.H456 2022</subfield>
  </datafield>
  <datafield tag="082" ind1="0" ind2="4">
    <subfield code="a">371.102</subfield>
    <subfield code="2">23</subfield>
  </datafield>
  <datafield tag="245" ind1="0" ind2="0">
    <subfield code="a">Zeitschrift für Geschichtsdidaktik /</subfield>
    <subfield code="c">editor, The Executive Board of the Konferenz für Geschichtsdidaktik [German Society for History Didactics].</subfield>
  </datafield>
  <datafield tag="264" ind1=" " ind2="1">
    <subfield code="a">Germany :</subfield>
    <subfield code="b">Vandenhoeck &amp; Ruprecht,</subfield>
    <subfield code="c">2022.</subfield>
  </datafield>
  <datafield tag="300" ind1=" " ind2=" ">
    <subfield code="a">1 online resource</subfield>
  </datafield>
  <datafield tag="310" ind1=" " ind2=" ">
    <subfield code="a">Annual</subfield>
  </datafield>
  <datafield tag="336" ind1=" " ind2=" ">
    <subfield code="a">text</subfield>
    <subfield code="b">txt</subfield>
    <subfield code="2">rdacontent</subfield>
  </datafield>
  <datafield tag="337" ind1=" " ind2=" ">
    <subfield code="a">computer</subfield>
    <subfield code="b">c</subfield>
    <subfield code="2">rdamedia</subfield>
  </datafield>
  <datafield tag="338" ind1=" " ind2=" ">
    <subfield code="a">online resource</subfield>
    <subfield code="b">cr</subfield>
    <subfield code="2">rdacarrier</subfield>
  </datafield>
  <datafield tag="500" ind1=" " ind2=" ">
    <subfield code="a">Refereed/Peer-reviewed</subfield>
  </datafield>
  <datafield tag="588" ind1=" " ind2=" ">
    <subfield code="a">Description based on publisher supplied metadata and other sources.</subfield>
  </datafield>
  <datafield tag="505" ind1="0" ind2=" ">
    <subfield code="a">Intro -- Title Page -- Copyright -- Table of Contents -- Body -- Vorwort -- Theoriekonzepte in der Diskussion -- Philipp McLean: Reflexive Aneignung von Geschichtskultur als möglicher Beitrag zur Entwicklung von Mündigkeit durch historische Bildung? -- 1. Einleitung -- 2. Verständnisweisen von Mündigkeit -- 3. Mündigkeit, historische Bildung und Reflexion -- 4. Reflex, Reflexion und Reflexivität -- 5. Aneignung von Geschichtskultur -- 6. Reflexive Aneignung von Geschichtskultur als Beitragsmöglichkeit zur Mündigkeit Literaturverzeichnis Ruth Fiona Roll: Reflexivität, Reflexion und Selbstreflexion als Begriffe der Geschichtsdidaktik -- 1. Problemstellung -- 2. Etymologie der Begriffe Reflexivität, Reflexion und Selbstreflexion -- 3. Wandel des geschichtsdidaktischen Begriffsgebrauchs von vorausgesetzten Verständnissen hin zu eigenen Definitionen -- 3.1 1970er-Jahre: Reflexion in einer Schrittfolge historischen Lernens -- 3.2 1990er-Jahre bis heute: Begriffsdefinitionen -- 3.3 Definition unter Berücksichtigung von Vergangenheitsdeutungen, Gegenwartsverständnis, Gegenwartserfahrung und Zukunftsperspektiven -- 4. Eignung einer Graduierung von Reflexionsakten zur Diagnostik -- 5. Brandungsmodell zur Erfassung von Reflexionen und Selbstreflexionen -- 6. Fazit und Ausblick -- Literaturverzeichnis -- Philipp Bernhard: Eine geschichtsdidaktische Vermessung Postkolonialer Theorie. Potenziale und Grenzen Postkolonialer Kritik für die Geschichtsdidaktik und den Geschichtsunterricht -- 1. Die Relevanz Postkolonialer Theorie für die Geschichtsdidaktik -- 2. Begriffsdefinition: Postkoloniale Kritik statt Postkoloniale Theorie 3. Das Potenzial Postkolonialer Theorie für die Geschichtsdidaktik die vier postkolonialen Claims -- Claim 1: erweitertes Kolonialismusverständnis -- Claim 2: Überwindung des Eurozentrismus -- Claim 3: Aufzeigen der Bedeutung der andauernden Geschichte des Kolonialismus für das Verständnis der Gegenwart und Zukunft (Aufzeigen kolonialer Kontinuitäten) -- Claim 4: Die Auseinandersetzung mit Kolonialrassismus -- Kolonialrassismus I: Kolonialer Rassismus (historische Ebene) -- Kolonialrassismus II (Ebene der Gegenwart) 4. Die Grenzen Postkolonialer Theorie aus geschichtsdidaktischer Perspektive und die Verortung Postkolonialer Kritik im geschichtsdidaktischen Diskurs -- Literaturverzeichnis -- Geschichtsunterricht und Lehrkräfte im Fokus -- Helene Bergmann: Wie kann fachspezifisches Textverstehen wirksam unterstützt werden? Eine experimentelle Studie zu den Effekten differenzieller Leseunterstützung bei der Textarbeit im Geschichtsunterricht -- 1. Fallbeispiel: Verstehenshürden bei der Erschließung fachspezifischer Sachtexte -- 2. Erkenntnisinteresse, Hypothesen und Theoriehintergründe.</subfield>
  </datafield>
  <datafield tag="650" ind1=" " ind2="0">
    <subfield code="a">Teaching.</subfield>
  </datafield>
  <datafield tag="776" ind1=" " ind2=" ">
    <subfield code="x">1610-5982</subfield>
  </datafield>
  <datafield tag="710" ind1="2" ind2=" ">
    <subfield code="a">The Executive Board of the Konferenz für Geschichtsdidaktik,</subfield>
    <subfield code="e">editor.</subfield>
  </datafield>
  <datafield tag="906" ind1=" " ind2=" ">
    <subfield code="a">JOURNAL</subfield>
  </datafield>
  <datafield tag="MBD" ind1=" " ind2=" ">
    <subfield code="M">49HBZ_NETWORK</subfield>
    <subfield code="i">99370690532406441</subfield>
    <subfield code="n">HBZ Network</subfield>
  </datafield>
  <datafield tag="MBD" ind1=" " ind2=" ">
    <subfield code="M">49HBZ_WUP</subfield>
    <subfield code="i">9915970815606447</subfield>
    <subfield code="n">Bergische Universität Wuppertal</subfield>
  </datafield>
  <datafield tag="MBD" ind1=" " ind2=" ">
    <subfield code="M">49HBZ_SIE</subfield>
    <subfield code="i">99204510098106462</subfield>
    <subfield code="n">Universität Siegen</subfield>
  </datafield>
  <datafield tag="MNG" ind1=" " ind2=" ">
    <subfield code="c">system</subfield>
    <subfield code="f">CKB</subfield>
    <subfield code="i">marc21</subfield>
    <subfield code="e">false</subfield>
    <subfield code="d">2023-03-07 00:15:43 Europe/Berlin</subfield>
    <subfield code="g">991000000000276098</subfield>
    <subfield code="a">CKB</subfield>
    <subfield code="b">2021-04-19 21:44:38 Europe/Berlin</subfield>
  </datafield>
  <datafield tag="POR" ind1=" " ind2=" ">
    <subfield code="j">Vandenhoeck &amp; Ruprecht Journals</subfield>
    <subfield code="x">System</subfield>
    <subfield code="a">53157449900006447</subfield>
    <subfield code="M">49HBZ_WUP</subfield>
    <subfield code="p">61156609460006447</subfield>
    <subfield code="q">Vandenhoeck &amp; Ruprecht Journals</subfield>
    <subfield code="c">param</subfield>
    <subfield code="o">611000000000001904</subfield>
    <subfield code="y">2022-04-04 00:10:00 Europe/Berlin</subfield>
    <subfield code="w">2021-04-11 18:48:18 Europe/Berlin</subfield>
    <subfield code="D">https://eu04.alma.exlibrisgroup.com/view/uresolver/49HBZ_NETWORK/openurl?u.ignore_date_coverage=true&amp;portfolio_pid=53157449900006447&amp;Force_direct=true</subfield>
    <subfield code="v">NON_SFX_CREATOR</subfield>
    <subfield code="z">2021-04-11 16:48:18</subfield>
    <subfield code="n"> Available from 2010 volume: 9.</subfield>
    <subfield code="i">false</subfield>
    <subfield code="S">62156609450006447</subfield>
    <subfield code="d">https://hbz-network.userservices.exlibrisgroup.com/view/uresolver/49HBZ_NETWORK/openurl?u.ignore_date_coverage=true&amp;rft.mms_id=9915970815606447</subfield>
    <subfield code="b">Available</subfield>
    <subfield code="f">JOURNAL</subfield>
    <subfield code="8">53157449900006447</subfield>
  </datafield>
  <datafield tag="POC" ind1=" " ind2=" ">
    <subfield code="a">53157449900006447</subfield>
    <subfield code="b">2010</subfield>
    <subfield code="d">1</subfield>
    <subfield code="f">1</subfield>
    <subfield code="h">9</subfield>
  </datafield>
  <datafield tag="POR" ind1=" " ind2=" ">
    <subfield code="j">Vandenhoeck &amp; Ruprecht Journals</subfield>
    <subfield code="x">System</subfield>
    <subfield code="a">5397076270006462</subfield>
    <subfield code="M">49HBZ_SIE</subfield>
    <subfield code="p">6196018270006462</subfield>
    <subfield code="q">Vandenhoeck &amp; Ruprecht Zeitschriften</subfield>
    <subfield code="c">param</subfield>
    <subfield code="o">613720000000002108</subfield>
    <subfield code="y">2022-07-11 18:36:29 Europe/Berlin</subfield>
    <subfield code="w">2022-07-11 18:36:28 Europe/Berlin</subfield>
    <subfield code="D">https://eu04.alma.exlibrisgroup.com/view/uresolver/49HBZ_NETWORK/openurl?u.ignore_date_coverage=true&amp;portfolio_pid=5397076270006462&amp;Force_direct=true</subfield>
    <subfield code="v">NON_SFX_CREATOR</subfield>
    <subfield code="z">2022-07-11 16:36:28</subfield>
    <subfield code="n"> Available from 2010 volume: 9.</subfield>
    <subfield code="i">false</subfield>
    <subfield code="S">6296018260006462</subfield>
    <subfield code="d">https://hbz-network.userservices.exlibrisgroup.com/view/uresolver/49HBZ_NETWORK/openurl?u.ignore_date_coverage=true&amp;rft.mms_id=99204510098106462</subfield>
    <subfield code="b">Available</subfield>
    <subfield code="f">JOURNAL</subfield>
    <subfield code="8">5397076270006462</subfield>
  </datafield>
  <datafield tag="POC" ind1=" " ind2=" ">
    <subfield code="a">5397076270006462</subfield>
    <subfield code="b">2010</subfield>
    <subfield code="d">1</subfield>
    <subfield code="f">1</subfield>
    <subfield code="h">9</subfield>
  </datafield>
</record>
